@inproceedings{vakali2014smart,
  title={Smart Cities Data Streams Integration: experimenting with Internet of Things and social data flows},
  author={Vakali, Athena and Anthopoulos, Leonidas and Krco, Srdjan},
  booktitle={Proceedings of the 4th international conference on web intelligence, mining and semantics (WIMS14)},
  pages={1--5},
  year={2014}
}

@article{xu2019internet,
  title={Internet of things in marine environment monitoring: A review},
  author={Xu, Guobao and Shi, Yanjun and Sun, Xueyan and Shen, Weiming},
  journal={Sensors},
  volume={19},
  number={7},
  pages={1711},
  year={2019},
  publisher={Multidisciplinary Digital Publishing Institute}
}

@article{beringer2006online,
  title={Online clustering of parallel data streams},
  author={Beringer, J{\"u}rgen and H{\"u}llermeier, Eyke},
  journal={Data \& knowledge engineering},
  volume={58},
  number={2},
  pages={180--204},
  year={2006},
  publisher={Elsevier}
}

@inproceedings{mci/Feick2018,
author = {Feick, Martin AND Kleer, Niko AND Kohn, Marek},
title = {Fundamentals of Real-Time Data Processing Architectures Lambda and Kappa},
booktitle = {SKILL 2018 - Studierendenkonferenz Informatik},
year = {2018},
editor = {Becker, Michael} ,
pages = { 55-66 },
publisher = {Gesellschaft f√ºr Informatik e.V.},
address = {Bonn}
}
@article{shang2016challenges,
  title={Challenges in IoT networking via TCP/IP architecture},
  author={Shang, Wentao and Yu, Yingdi and Droms, Ralph and Zhang, Lixia},
  journal={NDN Project},
  year={2016}
}

@article{dean2008mapreduce,
  title={MapReduce: simplified data processing on large clusters},
  author={Dean, Jeffrey and Ghemawat, Sanjay},
  journal={Communications of the ACM},
  volume={51},
  number={1},
  pages={107--113},
  year={2008},
  publisher={ACM New York, NY, USA}
}

@online{apachestorm,
  author = {Apache Software Foundation},
  title = {Apache Storm},
  url = {https://storm.apache.org},
  urldate = {2021-04-02}
}

@online{kafka,
  author = {Apache Software Foundation},
  title = {Apache Kafka},
  url = {https://kafka.apache.org/},
  urldate = {2021-04-02}
}

@book{marz2013big,
  title={Big Data: Principles and best practices of scalable real-time data systems},
  author={Marz, Nathan and Warren, James},
  year={2013},
  publisher={Manning}
}

@article{eugster2003many,
  title={The many faces of publish/subscribe},
  author={Eugster, Patrick Th and Felber, Pascal A and Guerraoui, Rachid and Kermarrec, Anne-Marie},
  journal={ACM computing surveys (CSUR)},
  volume={35},
  number={2},
  pages={114--131},
  year={2003},
  publisher={ACM New York, NY, USA}
}

@book{marz2013big,
  title={Big Data: Principles and best practices of scalable real-time data systems},
  author={Marz, Nathan and Warren, James},
  year={2013},
  publisher={Manning}
}

@inproceedings{kiran2015lambda,
  title={Lambda architecture for cost-effective batch and speed big data processing},
  author={Kiran, Mariam and Murphy, Peter and Monga, Inder and Dugan, Jon and Baveja, Sartaj Singh},
  booktitle={2015 IEEE International Conference on Big Data (Big Data)},
  pages={2785--2792},
  year={2015},
  organization={IEEE}
}

@inproceedings{yamato2016proposal,
  title={Proposal of lambda architecture adoption for real time predictive maintenance},
  author={Yamato, Yoji and Kumazaki, Hiroki and Fukumoto, Yoshifumi},
  booktitle={2016 fourth international symposium on computing and networking (CANDAR)},
  pages={713--715},
  year={2016},
  organization={IEEE}
}

@online{kappa,
  author = {Jay Kreps},
  title = {Questioning the Lambda Architecture},
  url = {https://www.oreilly.com/radar/questioning-the-lambda-architecture/},
  urldate = {2021-05-14}
}

@inproceedings{yang2018robust,
  title={Robust, scalable, real-time event time series aggregation at Twitter},
  author={Yang, Peilin and Thiagarajan, Srikanth and Lin, Jimmy},
  booktitle={Proceedings of the 2018 International Conference on Management of Data},
  pages={595--599},
  year={2018}
}

@inproceedings{zschornig2017personal,
  title={A personal analytics platform for the internet of things-implementing kappa architecture with microservice-based stream processing},
  author={Zsch{\"o}rnig, Theo and Wehlitz, Robert and Franczyk, Bogdan},
  booktitle={International Conference on Enterprise Information Systems},
  volume={2},
  pages={733--738},
  year={2017},
  organization={SCITEPRESS}
}
